@article{goorvitch1992,
  title={Schr{\"o}dinger's radial equation: solution by extrapolation},
  author={Goorvitch, D and Galant, DC},
  journal={Journal of Quantitative Spectroscopy and Radiative Transfer},
  volume={47},
  number={5},
  pages={391--399},
  year={1992},
  publisher={Elsevier}
}

@article{paine1981,
  title={On the correction of finite difference eigenvalue approximations for Sturm-Liouville problems},
  author={Paine, John W and de Hoog, Frank R and Anderssen, Robert S},
  journal={Computing},
  volume={26},
  number={2},
  pages={123--139},
  year={1981},
  publisher={Springer}
}

@article{kreiss1972,
  title={Difference approximations for boundary and eigenvalue problems for ordinary differential equations},
  author={Kreiss, Heinz-Otto},
  journal={Mathematics of Computation},
  volume={26},
  number={119},
  pages={605--624},
  year={1972}
}

